<?xml version="1.0" encoding="UTF-8"?><collection xmlns="http://www.loc.gov/MARC21/slim"><record><leader>00630nam--2200181-u-4500</leader><controlfield tag="001">000054992</controlfield><controlfield tag="002">20161230</controlfield><controlfield tag="005">20161230201051</controlfield><controlfield tag="008">120717s1000------------r-----000-0-eng-d</controlfield><datafield ind1=" " ind2=" " tag="040"><subfield code="a">IFIN-HH</subfield></datafield><datafield ind1=" " ind2=" " tag="080"><subfield code="a">539.193/.194</subfield></datafield><datafield ind1="1" ind2=" " tag="100"><subfield code="a">Akhmatov, A.S</subfield></datafield><datafield ind1="1" ind2="0" tag="245"><subfield code="a">Molecular physics of boundary friction</subfield><subfield code="b">Translated from russian by n. kaner, translation edited by s.i. ben-avraham</subfield><subfield code="c">A.s. akhmatov</subfield></datafield><datafield ind1=" " ind2=" " tag="260"><subfield code="a">Jerusalem</subfield><subfield code="b">Israel Program For Scientifc Translation</subfield><subfield code="c">1966</subfield></datafield><datafield ind1=" " ind2=" " tag="300"><subfield code="a">480P</subfield></datafield><datafield ind1=" " ind2=" " tag="500"><subfield code="a">Titlul Original In Limba Rusa: Molekuliarnaia Fizika Granichnogo Trenia</subfield></datafield><datafield ind1=" " ind2=" " tag="852"><subfield code="a">75155</subfield><subfield code="c">539.19</subfield></datafield><datafield ind1=" " ind2=" " tag="CAT"><subfield code="a">Sys</subfield><subfield code="c">20120717</subfield><subfield code="h">173028</subfield></datafield></record></collection>